<record><leader>00000cas a22000007a 4500</leader><controlfield tag="001">26112010</controlfield><controlfield tag="008">920630d18921908riudn ne      0    0eng d</controlfield><datafield ind1=" " ind2=" " tag="010"><subfield code="a">sn 92064144 </subfield></datafield><datafield ind1=" " ind2=" " tag="040"><subfield code="a">RHN</subfield><subfield code="b">eng</subfield><subfield code="c">RHN</subfield><subfield code="d">OCLCQ</subfield></datafield><datafield ind1=" " ind2=" " tag="042"><subfield code="a">msc</subfield></datafield><datafield ind1="0" ind2=" " tag="130"><subfield code="a">Evening call (Woonsocket, R.I.)</subfield></datafield><datafield ind1="1" ind2="4" tag="245"><subfield code="a">The evening call.</subfield></datafield><datafield ind1="3" ind2="0" tag="246"><subfield code="a">Morning call</subfield></datafield><datafield ind1=" " ind2=" " tag="260"><subfield code="a">Woonsocket, R.I. :</subfield><subfield code="b">Evening Call Pub. Co.</subfield></datafield><datafield ind1=" " ind2=" " tag="300"><subfield code="a">v.</subfield></datafield><datafield ind1=" " ind2=" " tag="310"><subfield code="a">Daily (except Sunday and holidays)</subfield></datafield><datafield ind1="0" ind2=" " tag="362"><subfield code="a">Vol. 1, no. 1 (May 31, 1892)-v. 33, no. 142 (Nov. 14, 1908).</subfield></datafield><datafield ind1=" " ind2=" " tag="500"><subfield code="a">Second Nov. 9, 1892 election issue has title: The Morning call.</subfield></datafield><datafield ind1=" " ind2=" " tag="515"><subfield code="a">Evening call (Woonsocket, R.I.) and The Morning call for Nov. 9, 1892 both numbered v. 1, no. 136.</subfield></datafield><datafield ind1=" " ind2=" " tag="515"><subfield code="a">Issues for Aug. 20, 1896-Nov. 21, 1904 called also 5th year-13th year.</subfield></datafield><datafield ind1=" " ind2="4" tag="651"><subfield code="a">Woonsocket (R.I.)</subfield><subfield code="v">Newspapers.</subfield></datafield><datafield ind1=" " ind2=" " tag="752"><subfield code="a">United States</subfield><subfield code="b">Rhode Island</subfield><subfield code="c">Providence</subfield><subfield code="d">Woonsocket.</subfield></datafield><datafield ind1="0" ind2="7" tag="785"><subfield code="t">Evening reporter (Woonsocket, R.I.)</subfield><subfield code="w">(DLC)sn 83021592</subfield></datafield><datafield ind1="0" ind2="7" tag="785"><subfield code="t">Evening call and the evening reporter</subfield><subfield code="w">(DLC)sn 92064158</subfield></datafield><datafield ind1="1" ind2=" " tag="029"><subfield code="a">AU@</subfield><subfield code="b">000020711576</subfield></datafield></record>